<?xml version="1.0" encoding="UTF-8"?><collection xmlns="http://www.loc.gov/MARC21/slim"><record><leader>00435nam--2200109-i-4500</leader><controlfield tag="001">000038524</controlfield><controlfield tag="002">20161230</controlfield><controlfield tag="005">20161230201041</controlfield><controlfield tag="008">060222s1000------------r-----000-0-eng-d</controlfield><datafield ind1=" " ind2=" " tag="245"><subfield code="a">Referate prezentate la sesiunea festiva tehnico-stiintifica cu prilejul aniversarii a 10 ani de activitate ipach si isp (1953-1963). vol.6:mecanica paminturilor si geologie tehnica</subfield></datafield><datafield ind1=" " ind2=" " tag="260"><subfield code="a">Comitetul De Stat Al Apelor Bucuresti, 1963. 609 P</subfield></datafield><datafield ind1=" " ind2=" " tag="852"><subfield code="a">17293</subfield></datafield></record></collection>